%% This BibTeX bibliography file was created using BibDesk.
%% http://bibdesk.sourceforge.net/


%% Created for Lauro Cesar Araujo at 2015-04-27 19:43:45 -0300 


%% Saved with string encoding Unicode (UTF-8) 
@misc{9to5-2011,
	Author = {9to5mac},
	Title = {Job's original vision for the iPhone\: No third-party native apps},
	Url = {https://9to5mac.com/2011/10/21/jobs-original-vision-for-the-iphone-no-third-party-native-apps},
	Urlaccessdate = {12 out 2017},
	Year = {2011}
}

@misc{archibald-2017,
	Author = {Jake Archibald},
	Title = {The Offline Cookbook},
	Url = {https://developers.google.com/web/fundamentals/instant-and-offline/offline-cookbook/},
	Urlaccessdate = {15 nov 2017},
	Year = {2017}
}

@misc{brown-2014,
	Author = {Tiffany Brown},
	Title = {Building an Offline First App with PouchDB},
	Url = {https://www.sitepoint.com/building-offline-first-app-pouchdb},
	Urlaccessdate = {15 out 2017},
	Year = {2014}
}

@misc{canavan-2014,
	Author = {Maura Canavan},
	Title = {Push Notifications vs. In-App Messaging\: What's the Difference for App Marketing?},
	Url = {http://info.localytics.com/blog/push-messaging-vs-in-app-messaging-whats-the-difference-for-app-marketing},
	Urlaccessdate = {15 out 2017},
	Year = {2014}
}

@misc{cselle-2012,
	Author = {Gabor Cselle},
	Title = {Every Step Costs You 20\% of Users},
	Url = {http://blog.gaborcselle.com/2012/10/every-step-costs-you-20-of-users.html},
	Urlaccessdate = {2 out 2017},
	Year = {2012}
}

@misc{da-14-2017,
	Author = {DA-14},
	Title = {Eight Reasons to Consider Progressive Web App Development},
	Url = {https://da-14.com/blog/eight-reasons-consider-progressive-web-app-development},
	Urlaccessdate = {2 out 2017},
	Year = {2017}
}

@misc{feyerke-2013,
	Author = {Alex Feyerke},
	Title = {Say Hello to Offline First},
	Url = {http://hood.ie/blog/say-hello-to-offline-first.html},
	Urlaccessdate = {2 out 2017},
	Year = {2013}
}

@misc{feyerke-2014,
	Author = {Alex Feyerke},
	Title = {Alex Feyerk - Offline First},
	Url = {https://www.youtube.com/watch?v=dPz_5-MEvcg},
	Urlaccessdate = {2 out 2017},
	Year = {2014}
}

@misc{gaunt-2017,
	Author = {Matt Gaunt},
	Title = {Service Workers\: uma Introdução},
	Url = {https://developers.google.com/web/fundamentals/primers/service-workers},
	Urlaccessdate = {12 out 2017},
	Year = {2017}
}

@misc{gaunt-kinlan-2017,
	Author = {Matt Gaunt and Paul Kinlan},
	Title = {O manifesto do aplicativo web},
	Url = {https://developers.google.com/web/fundamentals/web-app-manifest/?hl=pt-br},
	Urlaccessdate = {12 out 2017},
	Year = {2017}
}

@misc{google-developers-konga,
	Author = {Google Developers},
	Title = {Konga cuts data usage 92\% with new Progressive Web App},
	Url = {https://developers.google.com/web/showcase/2016/konga},
	Urlaccessdate = {2 out 2017},
	Year = {2017}
}

@misc{google-developers-aliexpress,
	Author = {Google Developers},
	Title = {AliExpress increases conversion rate for new users by 104\% with new Progressive Web App},
	Url = {https://developers.google.com/web/showcase/2016/aliexpress},
	Urlaccessdate = {2 out 2017},
	Year = {2017}
}

@misc{holt-2015,
	Author = {Bradley Holt},
	Title = {Offline-First Apps with PouchDB},
	Url = {https://www.youtube.com/watch?v=7L7esHWAjSU},
	Urlaccessdate = {31 out 2017},
	Year = {2015}
}

@misc{krywosa-2017,
	Author = {Jessica Krywosa},
	Title = {Five Business Problems Progressive Web Apps Solve},
	Url = {https://dockyard.com/blog/2017/05/03/five-business-problems-pwas-solve},
	Urlaccessdate = {2 out 2017},
	Year = {2017}
}

@misc{kumar-2016,
	Author = {Mrityunjay Kumar},
	Title = {Progressive Web Apps\: Better and Low Cost Mobile Presence},
	Url = {https://dzone.com/articles/progressive-web-app-better-low-cost-mobile-presenc},
	Urlaccessdate = {2 out 2017},
	Year = {2016}
}

@misc{kumar-nikhil-2016,
	Author = {Nikhil Kumar},
	Title = {Intro PouchDB, unroll CouchBase crust and offline data Sync in Ionic with 4-way Data Binding.},
	Url = {https://blog.knoldus.com/2016/01/08/intro-pouchdb-unroll-couchbase-crust-and-offline-data-sync-in-ionic-with-4-way-data-binding/},
	Urlaccessdate = {10 dez 2017},
	Year = {2016}
}

@misc{lawson-2017,
	Author = {Nolan Lawson},
	Title = {PouchDB and CouchDB\: an interview with Nolan Lawson},
	Url = {https://blog.couchdb.org/2017/04/04/pouchdb-couchdb-an-interview-with-nolan-lawson},
	Urlaccessdate = {15 out 2017},
	Year = {2017}
}

@misc{lopes-2016,
	Author = {Sérgio Lopes},
	Title = {Progressive Web Apps por Sergio Lopes - Devfest São Paulo 2016},
	Url = {https://www.youtube.com/watch?v=tECW-YJXV1o},
	Urlaccessdate = {2 out 2017},
	Year = {2016}
}

@misc{martynus-2017,
	Author = {Gregor Martynus},
	Title = {Building Offline First apps with Hoodie | js.la March 2017},
	Url = {https://www.youtube.com/watch?v=TSDyxtVbbME},
	Urlaccessdate = {31 out 2017},
	Year = {2017}
}

@misc{mdn-web-app-manifest-2017,
	Author = {Mozilla},
	Title = {Web App Manifest},
	Url = {https://developer.mozilla.org/pt-BR/docs/Web/Manifest},
	Urlaccessdate = {15 nov 2017},
	Year = {2017}
}

@misc{oconnel-2015,
	Author = {Caitlin O'Connel},
	Title = {The Year that Push Notifications Grew Up},
	Url = {http://info.localytics.com/blog/2015-the-year-that-push-notifications-grew-up},
	Urlaccessdate = {15 out 2017},
	Year = {2015}
}

@misc{onesignal-2017,
	Author = {OneSignal},
	Title = {Web Push SDK Setup (HTTPS)},
	Url = {https://documentation.onesignal.com/v3.0/docs/web-push-sdk-setup-https},
	Urlaccessdate = {15 out 2017},
	Year = {2017}
}

@misc{osmani-2016,
	Author = {Addy Osmani},
	Title = {Offline Storage for Progressive Web Apps},
	Url = {https://medium.com/dev-channel/offline-storage-for-progressive-web-apps-70d52695513c},
	Urlaccessdate = {15 out 2017},
	Year = {2016}
}

@misc{osmani-cohen-2017,
	Author = {Addy Osmani and Marc Cohen},
	Title = {Armazenamento off-line para Progressive Web Apps},
	Url = {https://developers.google.com/web/fundamentals/instant-and-offline/web-storage/offline-for-pwa?hl=pt-br},
	Urlaccessdate = {15 out 2017},
	Year = {2017}
}

@misc{pouchdb-2017,
	Author = {PouchDB},
	Title = {Introduction to PouchDB},
	Url = {https://pouchdb.com/guides},
	Urlaccessdate = {15 out 2017},
	Year = {2017}
}

@misc{prasad-2011,
	Author = {Anand Prasad},
	Title = {Offline Support is Valuable, and You Can't Add it Later},
	Url = {http://aanandprasad.com/articles/offline},
	Urlaccessdate = {2 out 2017},
	Year = {2011}
}

@misc{pushcrew-2017,
	Author = {Pushcrew},
	Title = {6 Reasons why Push Notifications are better than Email and SMS},
	Url = {https://pushcrew.com/push-notification-vs-sms-email},
	Urlaccessdate = {15 out 2017},
	Year = {2017}
}


@misc{russel-2015,
	Author = {Alex Russel},
	Title = {Progressive Web Apps\: Escaping Tabs Without Losing Our Soul},
	Url = {https://infrequently.org/2015/06/progressive-apps-escaping-tabs-without-losing-our-soul},
	Urlaccessdate = {12 out 2017},
	Year = {2015}
}

@misc{smith-2016,
	Author = {Glen Smith},
	Title = {Dexie.js - Because IndexedDB should be Awesome},
	Url = {http://blogs.bytecode.com.au/glen/2016/01/11/dexie.html},
	Urlaccessdate = {15 out 2017},
	Year = {2016}
}

@misc{tabalin-2017,
	Author = {Artem Tabalin},
	Title = {Create Offline Web Apps Using Service Workers and PouchDB},
	Url = {https://www.sitepoint.com/offline-web-apps-service-workers-pouchdb},
	Urlaccessdate = {15 out 2017},
	Year = {2017}
}

@misc{thygesen-2013,
	Author = {Tine Thygesen},
	Title = {60\% of Apps have never been used. Stats for app producers},
	Url = {http://www.tinethygesen.com/post/42502739988/60-of-apps-have-never-been-used-stats-for-app},
	Urlaccessdate = {2 out 2017},
	Year = {2013}
}

@misc{urbanairship-2017,
	Author = {UrbanAirship},
	Title = {Push Notifications Explained},
	Url = {https://www.urbanairship.com/push-notifications-explained},
	Urlaccessdate = {15 out 2017},
	Year = {2017}
}

@misc{vuejs-2017,
	Author = {Vue.js},
	Title = {Introduction},
	Url = {https://vuejs.org/v2/guide},
	Urlaccessdate = {31 out 2017},
	Year = {2017}
}

@misc{vuerouter-2017,
	Author = {Vue-Router},
	Title = {Getting Started},
	Url = {https://router.vuejs.org/en/essentials/getting-started.html},
	Urlaccessdate = {31 out 2017},
	Year = {2017}
}

@misc{vuetify-2017,
	Author = {Vuetify},
	Title = {Vuetify for Vue.js},
	Url = {https://github.com/vuetifyjs/vuetify},
	Urlaccessdate = {31 out 2017},
	Year = {2017}
}

@misc{webpack-2017,
	Author = {Webpack},
	Title = {Code Splitting},
	Url = {https://webpack.js.org/guides/code-splitting},
	Urlaccessdate = {31 out 2017},
	Year = {2017}
}

@misc{express-2017,
	Author = {Express},
	Title = {Express.js},
	Url = {http://expressjs.com},
	Urlaccessdate = {14 nov 2017},
	Year = {2017}
}

@misc{nuxt-2017,
	Author = {Nuxt},
	Title = {Nuxt},
	Url = {http://nuxtjs.org},
	Urlaccessdate = {14 nov 2017},
	Year = {2017}
}

@misc{node-2017,
	Author = {Node.js},
	Title = {Node.js},
	Url = {https://nodejs.org},
	Urlaccessdate = {10 dez 2017},
	Year = {2017}
}

@misc{jwt-2017,
	Author = {JWT},
	Title = {JWT},
	Url = {https://jwt.io/},
	Urlaccessdate = {10 dez 2017},
	Year = {2017}
}

@misc{npm-2017,
	Author = {NPM},
	Title = {NPM},
	Url = {https://www.npmjs.com/},
	Urlaccessdate = {10 dez 2017},
	Year = {2017}
}

@misc{yarn-2017,
	Author = {Yarn},
	Title = {Yarn},
	Url = {https://yarnpkg.com},
	Urlaccessdate = {10 dez 2017},
	Year = {2017}
}

@misc{couchdb-2017,
	Author = {CouchDB},
	Url = {http://couchdb.apache.org/},
	Urlaccessdate = {11 dez 2017},
	Year = {2017}
}

@misc{material-design-2018,
	Author = {Material-Design},
	Title = {Material Design},
	Url = {https://material.io/},
	Urlaccessdate = {12 jun 2018},
	Year = {2018}
}

@misc{workbox-2018,
	Author = {Workbox},
	Title = {Workbox},
	Url = {https://developers.google.com/web/tools/workbox/},
	Urlaccessdate = {12 jun 2018},
	Year = {2018}
}

@misc{nuxt-pwa-2018,
	Author = {Nuxt-PWA},
	Title = {Nuxt-PWA},
	Url = {https://github.com/nuxt-community/pwa-module},
	Urlaccessdate = {12 jun 2018},
	Year = {2018}
}